@inproceedings{adleman1981,
  title     = {Irreducibility testing and factorization of polynomials},
  author    = {Adleman, Leonard M. and Odlyzko, Andrew M.},
  booktitle = {Proceedings of the 22nd Annual IEEE Symposium on Foundations of Computer Science},
  pages     = {409--418},
  year      = {1981},
  publisher = {IEEE},
  note      = {Extended abstract of work to appear}
}

@article{albrecht2015,
  title     = {On the concrete hardness of learning with errors},
  author    = {Albrecht, Martin R and Player, Rachel and Scott, Sam},
  journal   = {Journal of Mathematical Cryptology},
  volume    = {9},
  number    = {3},
  pages     = {169--203},
  year      = {2015},
  publisher = {De Gruyter}
}

@misc{cryptoeprint:2019/089,
  author       = {Martin R.  Albrecht and LÃ©o Ducas and Gottfried Herold and Elena Kirshanova and Eamonn W.  Postlethwaite and Marc Stevens},
  title        = {The General Sieve Kernel and New Records in Lattice Reduction},
  howpublished = {Cryptology {ePrint} Archive, Paper 2019/089},
  year         = {2019},
  pages        = {24--25},
  url          = {https://eprint.iacr.org/2019/089},
  note         = {\url{https://eprint.iacr.org/2019/089}}
}

@article{kannan1987,
  title     = {Minkowski's convex body theorem and integer programming},
  author    = {Kannan, Ravi},
  journal   = {Mathematics of Operations Research},
  volume    = {12},
  number    = {3},
  pages     = {415--440},
  year      = {1987},
  publisher = {INFORMS}
}

@article{laarhoven2014,
  title   = {Progressive lattice sieving},
  author  = {Laarhoven, Thijs and Mariano, Artur},
  journal = {IACR Cryptology ePrint Archive},
  pages   = {1--20},
  year    = {2014}
}

@article{lyubashevsky2013,
  title     = {On ideal lattices and learning with errors over rings},
  author    = {Lyubashevsky, Vadim and Peikert, Chris and Regev, Oded},
  journal   = {Journal of the ACM},
  volume    = {60},
  number    = {6},
  pages     = {1--35},
  year      = {2013},
  publisher = {ACM}
}

@inproceedings{micciancio2009,
  title     = {Lattice-based cryptography},
  author    = {Micciancio, Daniele and Regev, Oded},
  booktitle = {Post-quantum cryptography},
  pages     = {147--191},
  year      = {2009},
  publisher = {Springer}
}

@article{regev2009,
  title     = {On lattices, learning with errors, random linear codes, and cryptography},
  author    = {Regev, Oded},
  journal   = {Journal of the ACM},
  volume    = {56},
  number    = {6},
  pages     = {1--40},
  year      = {2009},
  publisher = {ACM}
}